@article{Morley2015,
  author={Caroline V. Morley and Jonathan J. Fortney and Mark S. Marley and Kevin Zahnle and Michael Line and Eliza Kempton and Nikole
Lewis and Kerri Cahoy},
  title={Thermal Emission and Reflected Light Spectra of Super Earths with Flat Transmission Spectra},
  journal={ApJ},
  volume={815},
  number={2},
  pages={110},
  year={2015}
}

@article {Macintosh2008,
    author = { Bruce A. Macintosh and James R. Grahamand and David W. Palmer and René Doyon and Jennifer Dunn and Donald T. Gavel and James Larkin and Ben Oppenheimer and Les  Saddlemyer and Anand Sivaramakrishnan and J. Kent  Wallace and Brian Bauman and Darren A. Erickson and Christian Marois and Lisa A. Poyneer and Remi Soummer},
    title = {The Gemini Planet Imager: from science to design to construction},
    journal = {SPIE},
    volume = {7015},
    number = {},
    pages = {7015 - 7015 - 13},
    year = {2008}
}

@article {Macintosh2014,
	author = {Macintosh, Bruce and Graham, James R. and Ingraham, Patrick and Konopacky, Quinn and Marois, Christian and Perrin, Marshall and Poyneer, Lisa and Bauman, Brian and Barman, Travis and Burrows, Adam S. and Cardwell, Andrew and Chilcote, Jeffrey and De Rosa, Robert J. and Dillon, Daren and Doyon, Rene and Dunn, Jennifer and Erikson, Darren and Fitzgerald, Michael P. and Gavel, Donald and Goodsell, Stephen and Hartung, Markus and Hibon, Pascale and Kalas, Paul and Larkin, James and Maire, Jerome and Marchis, Franck and Marley, Mark S. and McBride, James and Millar-Blanchaer, Max and Morzinski, Katie and Norton, Andrew and Oppenheimer, B. R. and Palmer, David and Patience, Jennifer and Pueyo, Laurent and Rantakyro, Fredrik and Sadakuni, Naru and Saddlemyer, Leslie and Savransky, Dmitry and Serio, Andrew and Soummer, Remi and Sivaramakrishnan, Anand and Song, Inseok and Thomas, Sandrine and Wallace, J. Kent and Wiktorowicz, Sloane and Wolff, Schuyler},
	title = {First light of the Gemini Planet Imager},
	volume = {111},
	number = {35},
	pages = {12661--12666},
	year = {2014},
	doi = {10.1073/pnas.1304215111},
	publisher = {National Academy of Sciences},
	issn = {0027-8424},
	journal = {Proceedings of the National Academy of Sciences}
}

@article {Carbillet2011, 
    author = {Marcel Carbillet and Philippe Bendjoya and Lyu Abe and Géraldine Guerri and Anthony Boccaletti and Jean-Baptiste Daban and Kjetil Dohlen and André Ferrari and Sylvie Robbe-Dubois and Richard Douet and Farrokh Vakili},
    title={Apodized Lyot coronagraph for SPHERE/VLT},
    volume = {30},
    number = {1},
    journal = {Experimental Astronomy},
    pages={39-58},
    year={2011},
    doi = {10.1007/s10686-011-9219-4}, 
    publisher = {Springer Netherlands},
    issn = {1572-9508},
    
}

@article{Jovanovic2015,
  author={N. Jovanovic and F. Martinache and O. Guyon and C. Clergeon and G. Singh and T. Kudo and V. Garrel and K. Newman and D. Doughty and J.
Lozi and J. Males and Y. Minowa and Y. Hayano and N. Takato and J. Morino and J. Kuhn and E. Serabyn and B. Norris and P. Tuthill and G.
Schworer and P. Stewart and L. Close and E. Huby and G. Perrin and S. Lacour and L. Gauchet and S. Vievard and N. Murakami and F.
Oshiyama and N. Baba and T. Matsuo and J. Nishikawa and M. Tamura and O. Lai and F. Marchis and G. Duchene and T. Kotani and J. Woillez},
  title={The Subaru Coronagraphic Extreme Adaptive Optics System: Enabling High-Contrast Imaging on Solar-System Scales},
  journal={PASP},
  volume={127},
  number={955},
  pages={890},
  year={2015},
}

@article{Crepp2011,
  author={Justin R. Crepp and Laurent Pueyo and Douglas Brenner and Ben R. Oppenheimer and Neil Zimmerman and Sasha Hinkley and Ian
Parry and David King and Gautam Vasisht and Charles Beichman and Lynne Hillenbrand and Richard Dekany and Mike Shao and Rick
Burruss and Lewis C. Roberts and Antonin Bouchez and Jenny Roberts and Rémi Soummer},
  title={Speckle Suppression with the Project 1640 Integral Field Spectrograph},
  journal={ApJ},
  volume={729},
  number={2},
  pages={132},
  year={2011},

}
	
@article{Mawet2014,
    author = { Dimitri  Mawet and Chris Shelton and James Wallace and Michael Bottom and Jonas  Kuhn and Bertrand Mennesson and Rick Burruss and Randy Bartos and Laurent Pueyo and Alexis  Carlotti and Eugene Serabyn},
    title = {Demonstration of vortex coronagraph concepts for on-axis telescopes on the Palomar Stellar Double Coronagraph},
    journal = {SPIE},
    volume = {9143},
    number = {},
    pages = {9143 - 9143 - 8},
    year = {2014}
}

@article{Mawet2016,
author = { D.  Mawet,P.  Wizinowich,R.  Dekany,M.  Chun,D.  Hall,S.  Cetre,O.  Guyon,J. K. Wallace,B.  Bowler,M.  Liu,G.  Ruane,E.  Serabyn,R.  Bartos,J.  Wang,G.  Vasisht,M.  Fitzgerald,A.  Skemer,M.  Ireland,J.  Fucik,J.  Fortney,I.  Crossfield,R.  Hu,B.  Benneke},
title = {Keck Planet Imager and Characterizer: concept and phased implementation},
journal = {SPIE},
volume = {9909},
number = {},
pages = {9909 - 9909 - 7},
year = {2016}
}

@article{Males2018,
    author={Jared R. Males; Laird M. Close; Kelsey Miller; Lauren Schatz; David Doelman; Jennifer Lumbres; Frans Snik; Alex Rodack; Justin Knight; Kyle Van Gorkom; Joseph D. Long; Alex Hedglen; Maggie Kautz; Nemanja Jovanovic; Katie Morzinski; Olivier Guyon; Ewan Douglas; Katherine B. Follette; Julien Lozi; Chris Bohlman; Olivier Durney; Victor Gasho; Phil Hinz; Michael Ireland; Madison Jean; Christoph Keller; Matt Kenworthy; Ben Mazin; Jamison Noenickx; Dan Alfred; Kevin Perez; Anna Sanchez; Corwynn Sauve; Alycia Weinberger; Al Conrad},
    title={MagAO-X: project status and first laboratory results},
    journal = {SPIE},
    volume = {10703},
    number = {},
    pages = {},
    year = {2018}
}

@article{Bowler2016,
  author={Brendan P. Bowler},
  title={Imaging Extrasolar Giant Planets},
  journal={PASP},
  volume={128},
  number={968},
  pages={102001},
  year={2016}
}

@BOOK{NAS2018,
  author    = "National Academies of Sciences, Engineering, and Medicine",
  title     = "Exoplanet Science Strategy",
  isbn      = "978-0-309-47941-7",
  doi       = "10.17226/25187",
  url       = "https://www.nap.edu/catalog/25187/exoplanet-science-strategy",
  year      = 2018,
  publisher = "The National Academies Press",
  address   = "Washington, DC"
}
  	
@article{Kopparapu2018,
  author={Ravi Kumar Kopparapu and Eric Hébrard and Rus Belikov and Natalie M. Batalha and Gijs D. Mulders and Chris Stark and Dillon
Teal and Shawn Domagal-Goldman and Avi Mandell},
  title={Exoplanet Classification and Yield Estimates for Direct Imaging Missions},
  journal={ApJ},
  volume={856},
  number={2},
  pages={122},
  year={2018},
}

@article{Gerard2018,
  author={Benjamin L. Gerard and Christian Marois and Raphaël Galicher},
  title={Fast Coherent Differential Imaging on Ground-based Telescopes Using the Self-coherent Camera},
  journal={AJ},
  volume={156},
  number={3},
  pages={106},
  year={2018},
}

@article{Aime2004,
  author={C. Aime and R. Soummer},
  title={The Usefulness and Limits of Coronagraphy in the Presence of Pinned Speckles},
  journal={ApJL},
  volume={612},
  number={1},
  pages={L85},
  year={2004}
}

@article{Bottom2016,
author = { Michael  Bottom,Bruno  Femenia,Elsa  Huby,Dimitri  Mawet,Richard  Dekany,Jennifer  Milburn,Eugene  Serabyn},
title = {Speckle nulling wavefront control for Palomar and Keck},
journal = {SPIE},
volume = {9909},
number = {},
pages = {9909 - 9909 - 16},
year = {2016}
}


@article{Miller2017,
author = { Kelsey  Miller,Olivier  Guyon,Jared  Males},
title = {Spatial linear dark field control: stabilizing deep contrast for exoplanet imaging using bright speckles},
journal = {Journal of Astronomical Telescopes, Instruments, and Systems},
volume = {3},
number = {},
pages = {3 - 3 - 11},
year = {2017}
}


@ARTICLE{Guyon2017,
   author = {{Guyon}, O. and {Miller}, K. and {Males}, J. and {Belikov}, R. and 
	{Kern}, B.},
    title = "{Spectral Linear Dark Field Control: Stabilizing Deep Contrast for Exoplanet Imaging Using out-of-band Speckle Field}",
  journal = {ArXiv e-prints},
archivePrefix = "arXiv",
   eprint = {1706.07377},
 primaryClass = "astro-ph.IM",
 keywords = {Astrophysics - Instrumentation and Methods for Astrophysics},
     year = 2017,
    month = jun
}


@article {Konopacky2013,
	author = {Konopacky, Quinn M. and Barman, Travis S. and Macintosh, Bruce A. and Marois, Christian},
	title = {Detection of Carbon Monoxide and Water Absorption Lines in an Exoplanet Atmosphere},
	volume = {339},
	number = {6126},
	pages = {1398--1401},
	year = {2013},
	doi = {10.1126/science.1232003},
	publisher = {American Association for the Advancement of Science},
	issn = {0036-8075},
	journal = {Science}
}

  	
@article{Wang2017,
  author={Ji Wang and Dimitri Mawet and Garreth Ruane and Renyu Hu and Björn Benneke},
  title={Observing Exoplanets with High Dispersion Coronagraphy. I. The Scientific Potential of Current and Next-generation Large Ground and Space Telescopes},
  journal={AJ},
  volume={153},
  number={4},
  pages={183},
  year={2017},
}
	

@inproceedings{Walter2018,
author = {Alex B. Walter and Benjamin A. Mazin and Clint Bockstiegel and Neelay Fruitwala and Paul Szypryt and Isabel Lipartito and Seth Meeker and Nicholas Zobrist and Giulia Collura and Grégoire Coiffard and Paschal Strader and Olivier Guyon and Julien Lozi and Nemanja Jovanovic},
title = {MEC: the MKID exoplanet camera for high contrast astronomy at Subaru (Conference Presentation)},
volume = {10702},
booktitle = {Ground-based and Airborne Instrumentation for Astronomy VII},
series = {SPIE},
pages = {107020V},
year = {2018}
}

@inproceedings{Lozi2018,
author = { Julien Lozi and Olivier Guyon and Nemanja Jovanovic and Sean Goebel and Prashant Pathak and Nour Skaf and Ananya Sahoo and Barnaby Norris and Frantz Martinache and Mamadou N'Diaye and Ben Mazin and Alex B. Walter and Peter Tuthill and Tomoyuki Kudo and Hajime Kawahara and Takayuki Kotani and Michael Ireland and Nick Cvetojevic and Elsa Huby and Sylvestre Lacour and Sébastien Vievard and Tyler D. Groff and Jeffrey K. Chilcote and Jeremy Kasdin and Justin Knight and Frans Snik and David Doelman and Yosuke Minowa and Christophe Clergeon and Naruhisa Takato and Motohide Tamura and Thayne Currie and Hideki Takami and Masa Hayashi},
title = {SCExAO, an instrument with a dual purpose: perform cutting-edge science and develop new technologies
},
booktitle = {Adaptive Optics Systems VI},
pages = {1070359},
series = {SPIE},
volume = {10703},
year = {2018}
}


@INPROCEEDINGS{aime04b, 
author={C. Aime and R. Soummer}, 
booktitle={2004 12th European Signal Processing Conference}, 
title={Influence of speckle and Poisson noise on exoplanet detection with a coronagraph}, 
year={2004}, 
pages={1071-1074}, 
month={Sep.},}


@Inbook{Goodman1975,
author="Goodman, J. W.",
editor="Dainty, J. C.",
title="Statistical Properties of Laser Speckle Patterns",
bookTitle="Laser Speckle and Related Phenomena",
year="1975",
publisher="Springer Berlin Heidelberg",
address="Berlin, Heidelberg",
pages="9--75",
isbn="978-3-662-43205-1"
}

@article{Meeker2018,
archivePrefix = {arXiv},
arxivId = {1803.10420},
author = {Meeker, Seth R. and Mazin, Benjamin A. and Walter, Alex B. and Strader, Paschal and Fruitwala, Neelay and Bockstiegel, Clint and Szypryt, Paul and Ulbricht, Gerhard and Coiffard, Gr{\'{e}}goire and Bumble, Bruce and Cancelo, Gustavo and Zmuda, Ted and Treptow, Ken and Wilcer, Neal and Collura, Giulia and Dodkins, Rupert and Lipartito, Isabel and Zobrist, Nicholas and Bottom, Michael and Shelton, J. Chris and Mawet, Dimitri and {Van Eyken}, Julian C. and Vasisht, Gautam and Serabyn, Eugene},
file = {:Users/clint/Documents/mazinlab/pictureC/papers/meeker{\_}2018.pdf:pdf},
issn = {00046280},
journal = {PASP},
keywords = {Instrumentation: adaptive optics,Instrumentation: coronagraphs,Instrumentation: detectors,Instrumentation: spectrographs,Planets and satellites: detection},
number = {988},
title = {{DARKNESS: A microwave kinetic inductance detector integral field spectrograph for high-contrast astronomy}},
volume = {130},
year = {2018}
}

@ARTICLE{fitzgerald_2006,
   author = {{Fitzgerald}, M.~P. and {Graham}, J.~R.},
    title = "{Speckle Statistics in Adaptively Corrected Images}",
  journal = {ApJ},
 keywords = {Atmospheric Effects, Instrumentation: Adaptive Optics, Techniques: High Anular Resolution, Techniques: Image Processing},
     year = 2006,
    month = jan,
   volume = 637,
    pages = {541-547}
}

@article{Soummer_2007a,
	year = 2007,
	month = {jun},
	publisher = {{IOP} Publishing},
	volume = {663},
	number = {1},
	pages = {L49--L52},
	author = {R{\'{e}}mi Soummer and Andr{\'{e}} Ferrari},
	title = {The Strehl Ratio in Adaptive Optics Images: Statistics and Estimation},
	journal = {ApJ}
}

@article{Soummer_2007,
	year = 2007,
	month = {nov},
	publisher = {{IOP} Publishing},
	volume = {669},
	number = {1},
	pages = {642--656},
	author = {Remi Soummer and Andre Ferrari and Claude Aime and Laurent Jolissaint},
	title = {Speckle Noise and Dynamic Range in Coronagraphic Images},
	journal = {ApJ}
}

@article{Canales1999,
author = {Vidal F. Canales and Manuel P. Cagigal},
journal = {Appl.~Opt.},
keywords = {Active or adaptive optics; Atmospheric propagation; Wave-front sensing; Speckle; Telescopes; Adaptive optics; Light intensity; Speckle interferometry; Wavefront distortions; Wavefronts; Zernike polynomials},
number = {5},
pages = {766--771},
publisher = {OSA},
title = {Rician distribution to describe speckle statistics in adaptive optics},
volume = {38},
month = {Feb},
year = {1999}
}

@article{Cagigal_2001,
author = {{Cagigal}, Manuel Perez and {Canales}, Vidal F.},
title = {Experimental checking of the Rician statistics in partially compensated wave fronts},
volume = {40},
journal = {Optical Engineering},
number = {12},
pages = {2690 - 2697 - 8},
year = {2001}
}

@article{Roddier_1982,
	year = 1982,
	month = {sep},
	publisher = {{IOP} Publishing},
	volume = {13},
	number = {5},
	pages = {263--271},
	author = {F Roddier and J M Gilli and G Lund},
	title = {On the origin of speckle boiling and its effects in stellar speckle interferometry},
	journal = {Journal of Optics}
}

@article{Gladysz_2008,
	year = 2008,
	month = {sep},
	publisher = {{IOP} Publishing},
	volume = {684},
	number = {2},
	pages = {1486--1495},
	author = {Szymon Gladysz and Julian C. Christou},
	title = {Detection of Faint Companions through Stochastic Speckle Discrimination},
	journal = {ApJ}
}

@article{Gladysz_2008b,
	year = 2008,
	month = {oct},
	publisher = {{IOP} Publishing},
	volume = {120},
	number = {872},
	pages = {1132--1143},
	author = {Szymon Gladysz and Julian C. Christou and L. William Bradford and Lewis C. Roberts},
	title = {Temporal Variability and Statistics of the Strehl Ratio in Adaptive-Optics Images},
	journal = {PASP},
}

@inproceedings{Macintosh_2005,
    author = { Bruce Macintosh and Lisa Poyneer and Anand Sivaramakrishnan and Christian Marois},
    title = {Speckle lifetimes in high-contrast adaptive optics},
    booktitle = {Astronomical Adaptive Optics Systems and Applications II},
    pages = {59030J},
    series = {SPIE},
    volume = {5903},
    year = {2005}
}


@ARTICLE{Gladysz_2010,
   author = {{Gladysz}, S. and {Yaitskova}, N. and {Christou}, J.~C.},
    title = "{Statistics of intensity in adaptive-optics images and their usefulness for detection and photometry of exoplanets}",
  journal = {Journal of the Optical Society of America A},
     year = 2010,
    month = nov,
   volume = 27,
   number = 27,
    pages = {A64-A75}
}


@article{Goebel_2018,
	year = 2018,
	month = {sep},
	publisher = {{IOP} Publishing},
	volume = {130},
	number = {992},
	pages = {104502},
	author = {Sean B. Goebel and Olivier Guyon and Donald N. B. Hall and Nemanja Jovanovic and Julien Lozi and Frantz Martinache},
	title = {Measurements of Speckle Lifetimes in Near-infrared Extreme Adaptive Optics Images for Optimizing Focal Plane Wavefront Control},
	journal = {PASP}
}

@article{Stangalini_2018,
	year = 2018,
	month = {nov},
	publisher = {American Astronomical Society},
	volume = {868},
	number = {1},
	pages = {6},
	author = {M. Stangalini and G. Li Causi and F. Pedichini and S. Antoniucci and M. Mattioli and J. Christou and G. Consolini and D. Hope and S. M. Jefferies and R. Piazzesi and V. Testa},
	title = {Recurrence Quantification Analysis as a Post-processing Technique in Adaptive Optics High-contrast Imaging},
	journal = {ApJ}
}

@article{Guyon_2005,
	year = 2005,
	month = {aug},
	publisher = {{IOP} Publishing},
	volume = {629},
	number = {1},
	pages = {592--614},
	author = {Olivier Guyon},
	title = {Limits of Adaptive Optics for High-Contrast Imaging},
	journal = {ApJ}
}

@article{Eyken_2015,
	year = 2015,
	month = {jul},
	publisher = {{IOP} Publishing},
	volume = {219},
	number = {1},
	pages = {14},
	author = {J. C. van Eyken and M. J. Strader and A. B. Walter and S. R. Meeker and P. Szypryt and C. Stoughton and K. O'Brien and D. Marsden and N. K. Rice and Y. Lin and B. A. Mazin},
    title = {The ARCONS Pipeline: Data Reduction for MKID Arrays},
	journal = {ApJS}
}


@inproceedings{Frazin_2016,
author = { Richard A. Frazin},
title = {Empirical Green's function approach for utilizing millisecond focal and pupil plane telemetry in exoplanet imaging},
booktitle = {Adaptive Optics Systems V},
series = {SPIE},
pages = {99093X},
volume = {9909},
year = {2016}
}


@article{Jensen_Clem_2017,
	year = 2017,
	month = {dec},
	publisher = {American Astronomical Society},
	volume = {155},
	number = {1},
	pages = {19},
	author = {Rebecca Jensen-Clem and Dimitri Mawet and Carlos A. Gomez Gonzalez and Olivier Absil and Ruslan Belikov and Thayne Currie and Matthew A. Kenworthy and Christian Marois and Johan Mazoyer and Garreth Ruane and Angelle Tanner and Faustine Cantalloube},
	title = {A New Standard for Assessing the Performance of High Contrast Imaging Systems},
	journal = {AJ}
}


@INPROCEEDINGS{Mawet2012,
       author = {{Mawet}, Dimitri and {Pueyo}, Laurent and {Lawson}, Peter and
         {Mugnier}, Laurent and {Traub}, Wesley and {Boccaletti}, Anthony and
         {Trauger}, John T. and {Gladysz}, Szymon and {Serabyn}, Eugene and
         {Milli}, Julien and {Belikov}, Ruslan and {Kasper}, Markus and
         {Baudoz}, Pierre and {Macintosh}, Bruce and {Marois}, Christian and
         {Oppenheimer}, Ben and {Barrett}, Harrisson and {Beuzit}, Jean-Luc and
         {Devaney}, Nicolas and {Girard}, Julien and {Guyon}, Olivier and
         {Krist}, John and {Mennesson}, Bertrand and {Mouillet}, David and
         {Murakami}, Naoshi and {Poyneer}, Lisa and {Savransky}, Dmitri and
         {V{\'e}rinaud}, Christophe and {Wallace}, James K.},
        title = "{Review of small-angle coronagraphic techniques in the wake of ground-based second-generation adaptive optics systems}",
     keywords = {Astrophysics - Instrumentation and Methods for Astrophysics, Astrophysics - Earth and Planetary Astrophysics},
    booktitle = {Space Telescopes and Instrumentation 2012: Optical, Infrared, and Millimeter Wave},
         year = "2012",
       series = {SPIE},
       volume = {8442},
        month = "Sep",
          eid = {844204},
        pages = {844204}
}


@article{Mawet_2014,
	year = 2014,
	month = {aug},
	publisher = {{IOP} Publishing},
	volume = {792},
	number = {2},
	pages = {97},
	author = {D. Mawet and J. Milli and Z. Wahhaj and D. Pelat and O. Absil and C. Delacroix and A. Boccaletti and M. Kasper and M. Kenworthy and C. Marois and B. Mennesson and L. Pueyo},
	title = {Fundamental Limitations of High Contrast Imaging Set By Small Sample Statistics},
	journal = {ApJ}
}

@article{Gladysz_2009,
	year = 2009,
	month = {may},
	publisher = {{IOP} Publishing},
	volume = {698},
	number = {1},
	pages = {28--42},
	author = {Szymon Gladysz and Julian C. Christou},
	title = {Reference-less Detection, Astrometry, and Photometry of Faint Companions with Adaptive Optics},
	journal = {ApJ}
}

@inproceedings{Stangalini_2016,
author = { Marco  Stangalini and Fernando  Pedichini and Filippo  Ambrosino and Mauro  Centrone and Dario  Del Moro},
title = {Speckle statistics in adaptive optics images at visible wavelengths},
volume = {9909},
year = {2016},
booktitle = {Adaptive Optics Systems V},
series = {SPIE},
pages = {99097P},
}

@article{Martinache_2014,
	year = 2014,
	month = {jun},
	publisher = {{IOP} Publishing},
	volume = {126},
	number = {940},
	pages = {565--572},
	author = {Frantz Martinache and Olivier Guyon and Nemanja Jovanovic and Christophe Clergeon and Garima Singh and Tomoyuki Kudo and Thayne Currie and Christian Thalmann and Michael McElwain and Motohide Tamura},
	title = {On-Sky Speckle Nulling Demonstration at Small Angular Separation with {SCExAO}},
	journal = {PASP}
}

@article{Tanner1954,
author = {Tanner Jr., Wilson P. and Swets, John A.},
title = {A decision-making theory of visual detection},
journal = {American Psychological Association},
year = {1954},
volume = {61},
issue = {6},
pages = {401--409}
}

@book{Krzanowski2009,
 author = {Krzanowski, Wojtek J. and Hand, David J.},
 title = {ROC Curves for Continuous Data},
 year = {2009},
 isbn = {1439800219, 9781439800218},
 edition = {1st},
 publisher = {Chapman \& Hall/CRC},
} 

@article {DeLong+DeLong+Clarke-Pearson_1988,
	Title = {Comparing the areas under two or more correlated receiver operating characteristic curves: a nonparametric approach},
	Author = {DeLong, ER and DeLong, DM and Clarke-Pearson, DL},
	Number = {3},
	Volume = {44},
	Month = {September},
	Year = {1988},
	Journal = {Biometrics},
	ISSN = {0006-341X},
	Pages = {837—845}
}

@article{Gerard+Marois+Currie+etal_2019,
	year = 2019,
	month = {jul},
	publisher = {American Astronomical Society},
	volume = {158},
	number = {1},
	pages = {36},
	author = {Benjamin L. Gerard and Christian Marois and Thayne Currie and Timothy Brandt and Jeffrey K. Chilcote and Zachary H. Draper and Tyler Groff and Olivier Guyon and Masahiko Hayashi and Nemanja Jovanovic and Gillian R. Knapp and Tomoyuki Kudo and Jungmi Kwon and Julien Lozi and Frantz Martinache and Michael McElwain and Motohide Tamura and Taichi Uyama},
	title = {A Chromaticity Analysis and {PSF} Subtraction Techniques for {SCExAO}/{CHARIS} Data},
	journal = {ApJ},
}

@ARTICLE{Keppler+Benisty+Muller+etal_2018,
       author = {{Keppler}, M. and {Benisty}, M. and {M{\"u}ller}, A. and {Henning}, Th. and
         {van Boekel}, R. and {Cantalloube}, F. and {Ginski}, C. and
         {van Holstein}, R.~G. and {Maire}, A. -L. and {Pohl}, A. and {Samland
        }, M. and {Avenhaus}, H. and {Baudino}, J. -L. and {Boccaletti}, A. and
         {de Boer}, J. and {Bonnefoy}, M. and {Chauvin}, G. and {Desidera}, S. and
         {Langlois}, M. and {Lazzoni}, C. and {Marleau}, G. -D. and
         {Mordasini}, C. and {Pawellek}, N. and {Stolker}, T. and {Vigan}, A. and
         {Zurlo}, A. and {Birnstiel}, T. and {Brandner}, W. and {Feldt}, M. and
         {Flock}, M. and {Girard}, J. and {Gratton}, R. and {Hagelberg}, J. and
         {Isella}, A. and {Janson}, M. and {Juhasz}, A. and {Kemmer}, J. and
         {Kral}, Q. and {Lagrange}, A. -M. and {Launhardt}, R. and {Matter}, A. and
         {M{\'e}nard}, F. and {Milli}, J. and {Molli{\`e}re}, P. and
         {Olofsson}, J. and {P{\'e}rez}, L. and {Pinilla}, P. and {Pinte}, C. and
         {Quanz}, S.~P. and {Schmidt}, T. and {Udry}, S. and {Wahhaj}, Z. and
         {Williams}, J.~P. and {Buenzli}, E. and {Cudel}, M. and {Dominik}, C. and
         {Galicher}, R. and {Kasper}, M. and {Lannier}, J. and {Mesa}, D. and
         {Mouillet}, D. and {Peretti}, S. and {Perrot}, C. and {Salter}, G. and
         {Sissa}, E. and {Wildi}, F. and {Abe}, L. and {Antichi}, J. and
         {Augereau}, J. -C. and {Baruffolo}, A. and {Baudoz}, P. and
         {Bazzon}, A. and {Beuzit}, J. -L. and {Blanchard}, P. and
         {Brems}, S.~S. and {Buey}, T. and {De Caprio}, V. and {Carbillet}, M. and
         {Carle}, M. and {Cascone}, E. and {Cheetham}, A. and {Claudi}, R. and
         {Costille}, A. and {Delboulb{\'e}}, A. and {Dohlen}, K. and
         {Fantinel}, D. and {Feautrier}, P. and {Fusco}, T. and {Giro}, E. and
         {Gluck}, L. and {Gry}, C. and {Hubin}, N. and {Hugot}, E. and
         {Jaquet}, M. and {Le Mignant}, D. and {Llored}, M. and {Madec}, F. and
         {Magnard}, Y. and {Martinez}, P. and {Maurel}, D. and {Meyer}, M. and
         {M{\"o}ller-Nilsson}, O. and {Moulin}, T. and {Mugnier}, L. and
         {Orign{\'e}}, A. and {Pavlov}, A. and {Perret}, D. and {Petit}, C. and
         {Pragt}, J. and {Puget}, P. and {Rabou}, P. and {Ramos}, J. and
         {Rigal}, F. and {Rochat}, S. and {Roelfsema}, R. and {Rousset}, G. and
         {Roux}, A. and {Salasnich}, B. and {Sauvage}, J. -F. and {Sevin}, A. and
         {Soenke}, C. and {Stadler}, E. and {Suarez}, M. and {Turatto}, M. and
         {Weber}, L.},
        title = "{Discovery of a planetary-mass companion within the gap of the transition disk around PDS 70}",
      journal = {A\&A},
     keywords = {stars: individual: PDS 70, techniques: high angular resolution, protoplanetary disks, scattering, radiative transfer, planets and satellites: detection, Astrophysics - Earth and Planetary Astrophysics},
         year = "2018",
        month = "Sep",
       volume = {617},
          eid = {A44},
        pages = {A44}
}

@ARTICLE{Kuzuhara+Tamura+Kudo+etal_2013,
       author = {{Kuzuhara}, M. and {Tamura}, M. and {Kudo}, T. and {Janson}, M. and {Kand
        ori}, R. and {Brandt}, T.~D. and {Thalmann}, C. and {Spiegel}, D. and
         {Biller}, B. and {Carson}, J. and {Hori}, Y. and {Suzuki}, R. and
         {Burrows}, A. and {Henning}, T. and {Turner}, E.~L. and
         {McElwain}, M.~W. and {Moro-Mart{\'\i}n}, A. and {Suenaga}, T. and
         {Takahashi}, Y.~H. and {Kwon}, J. and {Lucas}, P. and {Abe}, L. and {Brand
        ner}, W. and {Egner}, S. and {Feldt}, M. and {Fujiwara}, H. and
         {Goto}, M. and {Grady}, C.~A. and {Guyon}, O. and {Hashimoto}, J. and
         {Hayano}, Y. and {Hayashi}, M. and {Hayashi}, S.~S. and
         {Hodapp}, K.~W. and {Ishii}, M. and {Iye}, M. and {Knapp}, G.~R. and
         {Matsuo}, T. and {Mayama}, S. and {Miyama}, S. and {Morino}, J. -I. and
         {Nishikawa}, J. and {Nishimura}, T. and {Kotani}, T. and
         {Kusakabe}, N. and {Pyo}, T. -S. and {Serabyn}, E. and {Suto}, H. and
         {Takami}, M. and {Takato}, N. and {Terada}, H. and {Tomono}, D. and
         {Watanabe}, M. and {Wisniewski}, J.~P. and {Yamada}, T. and
         {Takami}, H. and {Usuda}, T.},
        title = "{Direct Imaging of a Cold Jovian Exoplanet in Orbit around the Sun-like Star GJ 504}",
      journal = {ApJ},
     keywords = {planetary systems, stars: formation, stars: individual: GJ 504, Astrophysics - Earth and Planetary Astrophysics, Astrophysics - Galaxy Astrophysics, Astrophysics - Solar and Stellar Astrophysics},
         year = "2013",
        month = "Sep",
       volume = {774},
       number = {1},
          eid = {11},
        pages = {11}
}

@ARTICLE{Lafreniere+Marois+Doyon+etal_2007,
       author = {{Lafreni{\`e}re}, David and {Marois}, Christian and {Doyon}, Ren{\'e} and
         {Nadeau}, Daniel and {Artigau}, {\'E}tienne},
        title = "{A New Algorithm for Point-Spread Function Subtraction in High-Contrast Imaging: A Demonstration with Angular Differential Imaging}",
      journal = {ApJ},
     keywords = {Instrumentation: Adaptive Optics, Stars: Planetary Systems, Stars: Imaging, Techniques: High Angular Resolution, Techniques: Image Processing, Astrophysics},
         year = "2007",
        month = "May",
       volume = {660},
       number = {1},
        pages = {770-780}
}

@ARTICLE{Lagrange+Bonnefoy+Chauvin+etal_2010,
       author = {{Lagrange}, A. -M. and {Bonnefoy}, M. and {Chauvin}, G. and {Apai}, D. and
         {Ehrenreich}, D. and {Boccaletti}, A. and {Gratadour}, D. and
         {Rouan}, D. and {Mouillet}, D. and {Lacour}, S. and {Kasper}, M.},
        title = "{A Giant Planet Imaged in the Disk of the Young Star {\ensuremath{\beta}} Pictoris}",
      journal = {Science},
     keywords = {ASTRONOMY, Astrophysics - Earth and Planetary Astrophysics},
         year = "2010",
        month = "Jul",
       volume = {329},
       number = {5987},
        pages = {57}
}

@ARTICLE{Macintosh+Graham+Barman+etal_2015,
       author = {{Macintosh}, B. and {Graham}, J.~R. and {Barman}, T. and
         {De Rosa}, R.~J. and {Konopacky}, Q. and {Marley}, M.~S. and
         {Marois}, C. and {Nielsen}, E.~L. and {Pueyo}, L. and {Rajan}, A. and
         {Rameau}, J. and {Saumon}, D. and {Wang}, J.~J. and {Patience}, J. and
         {Ammons}, M. and {Arriaga}, P. and {Artigau}, E. and {Beckwith}, S. and
         {Brewster}, J. and {Bruzzone}, S. and {Bulger}, J. and
         {Burningham}, B. and {Burrows}, A.~S. and {Chen}, C. and {Chiang}, E. and
         {Chilcote}, J.~K. and {Dawson}, R.~I. and {Dong}, R. and {Doyon}, R. and
         {Draper}, Z.~H. and {Duch{\^e}ne}, G. and {Esposito}, T.~M. and
         {Fabrycky}, D. and {Fitzgerald}, M.~P. and {Follette}, K.~B. and
         {Fortney}, J.~J. and {Gerard}, B. and {Goodsell}, S. and
         {Greenbaum}, A.~Z. and {Hibon}, P. and {Hinkley}, S. and
         {Cotten}, T.~H. and {Hung}, L. -W. and {Ingraham}, P. and
         {Johnson-Groh}, M. and {Kalas}, P. and {Lafreniere}, D. and
         {Larkin}, J.~E. and {Lee}, J. and {Line}, M. and {Long}, D. and
         {Maire}, J. and {Marchis}, F. and {Matthews}, B.~C. and {Max}, C.~E. and
         {Metchev}, S. and {Millar-Blanchaer}, M.~A. and {Mittal}, T. and
         {Morley}, C.~V. and {Morzinski}, K.~M. and {Murray-Clay}, R. and
         {Oppenheimer}, R. and {Palmer}, D.~W. and {Patel}, R. and
         {Perrin}, M.~D. and {Poyneer}, L.~A. and {Rafikov}, R.~R. and
         {Rantakyr{\"o}}, F.~T. and {Rice}, E.~L. and {Rojo}, P. and
         {Rudy}, A.~R. and {Ruffio}, J. -B. and {Ruiz}, M.~T. and
         {Sadakuni}, N. and {Saddlemyer}, L. and {Salama}, M. and
         {Savransky}, D. and {Schneider}, A.~C. and {Sivaramakrishnan}, A. and
         {Song}, I. and {Soummer}, R. and {Thomas}, S. and {Vasisht}, G. and
         {Wallace}, J.~K. and {Ward-Duong}, K. and {Wiktorowicz}, S.~J. and
         {Wolff}, S.~G. and {Zuckerman}, B.},
        title = "{Discovery and spectroscopy of the young jovian planet 51 Eri b with the Gemini Planet Imager}",
      journal = {Science},
     keywords = {ASTRONOMY, PLANET SCI, Astrophysics - Earth and Planetary Astrophysics},
         year = "2015",
        month = "Oct",
       volume = {350},
       number = {6256},
        pages = {64-67}
}

@INPROCEEDINGS{Marois+Correia+Galicher+etal_2014,
       author = {{Marois}, Christian and {Correia}, Carlos and {Galicher}, Raphael and
         {Ingraham}, Patrick and {Macintosh}, Bruce and {Currie}, Thayne and
         {De Rosa}, Rob},
        title = "{GPI PSF subtraction with TLOCI: the next evolution in exoplanet/disk high-contrast imaging}",
     keywords = {Astrophysics - Instrumentation and Methods for Astrophysics, Astrophysics - Earth and Planetary Astrophysics},
    booktitle = {Adaptive Optics Systems IV},
         year = "2014",
       series = {SPIE},
       volume = {9148},
        month = "Jul",
          eid = {91480U},
        pages = {91480U}
}

@ARTICLE{Marois+Doyon+Racine+etal_2000,
       author = {{Marois}, Christian and {Doyon}, Ren{\'e} and {Racine}, Ren{\'e} and
         {Nadeau}, Daniel},
        title = "{Efficient Speckle Noise Attenuation in Faint Companion Imaging}",
      journal = {PASP},
     keywords = {STARS: IMAGING, TECHNIQUES: IMAGE PROCESSING},
         year = "2000",
        month = "Jan",
       volume = {112},
       number = {767},
        pages = {91-96}
}

@ARTICLE{Marois+Lafreniere+Doyon+etal_2006,
       author = {{Marois}, Christian and {Lafreni{\`e}re}, David and {Doyon}, Ren{\'e} and
         {Macintosh}, Bruce and {Nadeau}, Daniel},
        title = "{Angular Differential Imaging: A Powerful High-Contrast Imaging Technique}",
      journal = {ApJ},
     keywords = {Instrumentation: Adaptive Optics, Stars: Planetary Systems, Stars: Imaging, Astrophysics},
         year = "2006",
        month = "Apr",
       volume = {641},
       number = {1},
        pages = {556-564}
}

@ARTICLE{Marois+Macintosh+Barman+etal_2008,
       author = {{Marois}, Christian and {Macintosh}, Bruce and {Barman}, Travis and
         {Zuckerman}, B. and {Song}, Inseok and {Patience}, Jennifer and
         {Lafreni{\`e}re}, David and {Doyon}, Ren{\'e}},
        title = "{Direct Imaging of Multiple Planets Orbiting the Star HR 8799}",
      journal = {Science},
     keywords = {Astrophysics},
         year = "2008",
        month = "Nov",
       volume = {322},
       number = {5906},
        pages = {1348}
}

@ARTICLE{Racine+Walker+Nadeau+etal_1999,
       author = {{Racine}, Ren{\'e} and {Walker}, Gordon A.~H. and {Nadeau}, Daniel and
         {Doyon}, Ren{\'e} and {Marois}, Christian},
        title = "{Speckle Noise and the Detection of Faint Companions}",
      journal = {PASP},
     keywords = {TECHNIQUES: IMAGE PROCESSING},
         year = "1999",
        month = "May",
       volume = {111},
       number = {759},
        pages = {587-594}
}

@ARTICLE{Sparks+Ford_2002,
       author = {{Sparks}, William B. and {Ford}, Holland C.},
        title = "{Imaging Spectroscopy for Extrasolar Planet Detection}",
      journal = {ApJ},
     keywords = {Instrumentation: Miscellaneous, Methods: Analytical, Stars: Planetary Systems, Astrophysics},
         year = "2002",
        month = "Oct",
       volume = {578},
       number = {1},
        pages = {543-564}
}

@ARTICLE{Soummer+Pueyo+Larkin_2012,
       author = {{Soummer}, R{\'e}mi and {Pueyo}, Laurent and {Larkin}, James},
        title = "{Detection and Characterization of Exoplanets and Disks Using Projections on Karhunen-Lo{\`e}ve Eigenimages}",
      journal = {ApJ},
     keywords = {methods: data analysis, techniques: image processing, Astrophysics - Instrumentation and Methods for Astrophysics},
         year = "2012",
        month = "Aug",
       volume = {755},
       number = {2},
          eid = {L28},
        pages = {L28}
}



@INPROCEEDINGS{cagigal_1999,
       author = {{Cagigal}, Manuel P. and {Canales}, Vidal F.},
        title = "{Photon statistics in adaptive optics}",
    booktitle = {Optics in Atmospheric Propagation and Adaptive Systems III},
         year = "1999",
       editor = {{Kohnle}, Anton and {Gonglewski}, John D.},
       series = {SPIE},
       volume = {3866},
        month = "Dec",
        pages = {165-175}
}

@IEEEtranBSTCTL{BSTcontrol,
CTLuse_forced_etal = "yes",
CTLmax_names_forced_etal = "3"
}

@article{Woodcraft,
title = "Thermal conductance at millikelvin temperatures of woven ribbon cable with phosphor-bronze clad superconducting wires ",
journal = "Cryogenics ",
volume = "50",
number = "8",
pages = "465-468",
year = "2010",
note = "",
issn = "0011-2275",
author = "Adam L. Woodcraft and Guglielmo Ventura and Valentina Martelli and Wayne S. Holland"
}

@ARTICLE{Yung,
author={C. S. Yung and B. H. Moeckly},
journal={IEEE Transactions on Applied Superconductivity},
title={Magnesium Diboride Flexible Flat Cables for Cryogenic Electronics},
year={2011},
volume={21},
number={3},
pages={107-110},
keywords={cables (electric);critical current density (superconductivity);cryogenic electronics;electric connectors;magnesium compounds;passivation;superconducting thin films;superconducting transition temperature;thermal conductivity;MgB2;MgB2 film growth;Y2O3-ZrO2;cable architecture;connectors;critical current density;critical temperature;cryogenic electronics;direct wirebonds;flexible flat cables;flexible substrates;flexible yttria-stabilized zirconia;low-temperature superconductors;magnesium diboride thin films;passivation schemes;reactive evaporation deposition technique;thermal conductivity;Conductivity;Connectors;High temperature superconductors;Printed circuits;Substrates;Temperature measurement;Thermal conductivity; ${rm MgB}_{2}$;Cryogenic electronics;interconnections;superconducting devices;superconducting thin films},
doi={10.1109/TASC.2010.2080655},
ISSN={1051-8223},
month={June}
}

@ARTICLE{Harris,
  author = "Harris, A. I. and Sieth, M. and Lau, J. M. and Church, S. E. and Samoska, L. A. and Cleary, K.",
  title = "Note: Cryogenic microstripline-on-Kapton microwave interconnects",
  journal = "Review of Scientific Instruments",
  year = 2012,
  volume = 83,
  number = 8, 
  eid = 086105,
  pages = {}
}
  
@inproceedings{McGarey,
  author = {McGarey, Patrick and Mani, Hamdi and Wheeler, Caleb and Groppi, Christopher},
  title = {A 16-channel flex circuit for cryogenic microwave signal transmission},
  booktitle = {Proc. SPIE},
  volume = {9153},
  number = {},
  pages = {91532F-91532F-6},
  year = {2014}
}

@ARTICLE{Paik,
author={K. W. Paik and A. Mogro-Campero},
journal={IEEE Transactions on Components, Packaging, and Manufacturing Technology: Part B},
title={Studies on the high-temperature superconductor (HTS)/metal/polymer dielectric interconnect structure for packaging applications},
year={1994},
volume={17},
number={3},
pages={435-441},
keywords={high-temperature superconductors;integrated circuit technology;metallisation;microstrip lines;multichip modules;polymer films;superconducting thin films;0.6 micron;88 K;Ar laser;Au contact pads;HDI Cu/polyimide processing techniques;HTS power strip line structures;HTS/metal/polymer dielectric hybrid interconnect;HTSC film;Kapton polyimide film;LaAlO3;LaAlO3 substrate;O2+CF4 plasma;Ti-Cu-Ti;Ti/Cu/Ti metallization;YBCO film;YBaCuO-Cu;coplanar HTS lines;high density interconnect;high-temperature superconductor;laser adaptive lithography;microstrip HTS/metal lines;patterning;polyester base adhesive;polyimide laminated HTS film;reliability performance;siloxane polyimide base adhesive;via cleaning;Dielectric constant;High temperature superconductors;Maintenance;Polyimides;Polymer films;Substrates;Superconducting films;Superconductivity;Water heating;Yttrium barium copper oxide},
doi={10.1109/96.311794},
ISSN={1070-9894},
month={Aug}
}

@article{Allen,
author = "Allen, C. A. and Franz, D. E. and Moseley, S. H.",
title = "Compliant system of polyimide microwires for cryogenic detector applications",
journal = "{Journal of Vacuum Science \& Technology A}",
year = "2006",
volume = "24",
number = "4", 
pages = "1552-1555"
}

@article{vanWeers,
title = "Niobium flex cable for low temperature high density interconnects ",
journal = "Cryogenics",
volume = "55–56",
number = "",
pages = "1-4",
year = "2013",
note = "",
issn = "0011-2275",
author = "H.J. van Weers and G. Kunkel and M.A. Lindeman and M. Leeman"
}

@Article{Pappas,
author="Pappas, C. G. and Austermann, J. and Beall, J. A. and Duff, S. M. and Gallardo, P. A. and Grace, E. and Henderson, S. W. and Ho, S. P. and Koopman, B. J. and Li, D. and McMahon, J. and Nati, F. and Niemack, M. D. and Niraula, P. and Salatino, M. and Schillaci, A. and Schmitt, B. L. and Simon, S. M. and Staggs, S. T. and Stevens, J. R. and Vavagiakis, E. M. and Ward, J. T. and Wollack, E. J.",
title="High-Density Superconducting Cables for Advanced ACTPol",
journal="Journal of Low Temperature Physics",
year="2016",
volume="184",
number="1",
pages="473--479",
issn="1573-7357"
}

@article{Tuckerman,
  author={David B Tuckerman and Michael C Hamilton and David J Reilly and Rujun Bai and George A Hernandez and John M Hornibrook and John A Sellers and Charles D Ellis},
  title={Flexible superconducting Nb transmission lines on thin film polyimide for quantum computing applications},
  journal={Superconductor Science and Technology},
  volume={29},
  number={8},
  pages={084007},
  year={2016}
}

@article{Martinis,
title = {Digitized Adiabatic Quantum Computing with a Superconducting Circuit},
author  = {Rami Barends and Alireza Shabani and Lucas Lamata and Julian Kelly and Antonio Mezzacapo and Urtzi Las Heras and Ryan Babbush and Austin Fowler and Brooks Campbell and Yu Chen and Zijun Chen and Ben Chiaro and Andrew Dunsworth and Evan Jeffrey and Erik Lucero and Anthony Megrant and Josh Mutus and Matthew Neeley and Charles Neill and Peter O'Malley and Chris Quintana and Enrique Solano and Ted White and Jim Wenner and Amit Vainsencher and Daniel Sank and Pedram Roushan and Hartmut Neven and John Martinis},
year  = {2016},
journal = {Nature},
pages = {222-226},
volume  = {534}
}

@article{Ulbricht,
  author = "Ulbricht, Gerhard and Mazin, Benjamin A. and Szypryt, Paul and Walter, Alex B. and Bockstiegel, Clint and Bumble, Bruce",
  title = "{Highly Multiplexible Thermal Kinetic Inductance Detectors for X-Ray Imaging Spectroscopy}",
  journal        = "Appl. Phys. Lett.",
  volume         = "106",
  year           = "2015",
  pages          = "251103",
  doi            = "10.1063/1.4923096"
}

@article{SCUBA2,
author = {Holland, W. S. and Bintley, D. and Chapin, E. L. and Chrysostomou, A. and Davis, G. R. and Dempsey, J. T. and Duncan, W. D. and Fich, M. and Friberg, P. and Halpern, M. and Irwin, K. D. and Jenness, T. and Kelly, B. D. and MacIntosh, M. J. and Robson, E. I. and Scott, D. and Ade, P. A. R. and Atad-Ettedgui, E. and Berry, D. S. and Craig, S. C. and Gao, X. and Gibb, A. G. and Hilton, G. C. and Hollister, M. I. and Kycia, J. B. and Lunney, D. W. and McGregor, H. and Montgomery, D. and Parkes, W. and Tilanus, R. P. J. and Ullom, J. N. and Walther, C. A. and Walton, A. J. and Woodcraft, A. L. and Amiri, M. and Atkinson, D. and Burger, B. and Chuter, T. and Coulson, I. M. and Doriese, W. B. and Dunare, C. and Economou, F. and Niemack, M. D. and Parsons, H. A. L. and Reintsema, C. D. and Sibthorpe, B. and Smail, I. and Sudiwala, R. and Thomas, H. S.}, 
title = {SCUBA-2: the 10 000 pixel bolometer camera on the James Clerk Maxwell Telescope},
volume = {430}, 
number = {4}, 
pages = {2513-2533}, 
year = {2013}, 
journal = {MNRAS} 
}

@article{NIKA2,
author="Calvo, M. and Beno{\^i}t, A. and Catalano, A. and Goupy, J. and Monfardini, A. and Ponthieu, N. and Barria, E. and Bres, G. and Grollier, M. and Garde, G. and Leggeri, J.-P. and Pont, G. and Triqueneaux, S. and Adam, R. and Bourrion, O. and Mac{\'i}as-P{\'e}rez, J.-F. and Rebolo, M. and Ritacco, A. and Scordilis, J.-P. and Tourres, D. and Adane, A. and Coiffard, G. and Leclercq, S. and D{\'e}sert, F.-X. and Doyle, S. and Mauskopf, P. and Tucker, C. and Ade, P. and Andr{\'e}, P. and Beelen, A. and Belier, B. and Bideaud, A. and Billot, N. and Comis, B. and D'Addabbo, A. and Kramer, C. and Martino, J. and Mayet, F. and Pajot, F. and Pascale, E. and Perotto, L. and Rev{\'e}ret, V. and Rodriguez, L. and Savini, G. and Schuster, K. and Sievers, A. and Zylka, R.",
title="The NIKA2 Instrument, A Dual-Band Kilopixel KID Array for Millimetric Astronomy",
journal="Journal of Low Temperature Physics",
year="2016",
volume="184",
number="3",
pages="816--823",
issn="1573-7357"
}

@article{MUSIC,
author="Schlaerth, J. A. and Czakon, N. G. and Day, P. K. and Downes, T. P. and Duan, R. and Glenn, J. and Golwala, S. R. and Hollister, M. I. and LeDuc, H. G. and Maloney, P. R. and Mazin, B. A. and Nguyen, H. T. and Noroozian, O. and Sayers, J. and Siegel, S. and Zmuidzinas, J.",
title="The Status of Music: A Multicolor Sub/millimeter MKID Instrument",
journal="Journal of Low Temperature Physics",
year="2012",
volume="167",
number="3",
pages="347--353",
issn="1573-7357"
}

@article{ARCONS,
 ISSN = {00046280, 15383873},
 author = {Benjamin A. Mazin and Seth R. Meeker and Matthew J. Strader and Paul Szypryt and Danica Marsden and Julian C. van Eyken and Gina E. Duggan and Alex B. Walter and Gerhard Ulbricht and Michael Johnson and Bruce Bumble and Kieran O’Brien and Chris Stoughton},
 journal = {PASP},
 number = {933},
 pages = {1348-1361},
 publisher = {[University of Chicago Press, Astronomical Society of the Pacific]},
 title = {ARCONS: A 2024 Pixel Optical through Near-IR Cryogenic Imaging Spectrophotometer},
 volume = {125},
 year = {2013}
}


@inproceedings{DARKNESS,
  title={Design and Development Status of MKID Integral Field Spectrographs for High Contrast Imaging},
  Author = {Meeker, Seth R and Mazin, Benjamin A and Jensen-Clem, Rebecca and Walter, Alex B and Szypryt, Paul and Strader, Matthew J},
  booktitle = {Adaptive Optics for Extremely Large Telescopes 4 - Conference Proceedings},
  volume = {1},
  number = {1},
  year = {2015}
}

@article{PICTURE-C,
author = {Cook, Timothy and Cahoy, Kerri and Chakrabarti, Supriya and Douglas, Ewan and Finn, Susanna C. and Kuchner, Marc and Lewis, Nikole and Marinan, Anne and Martel, Jason and Mawet, Dimitri and Mazin, Benjamin and Meeker, Seth R. and Mendillo, Christopher and Serabyn, Gene and Stuchlik, David and Swain, Mark},
title = {Planetary Imaging Concept Testbed Using a Recoverable Experiment-Coronagraph (PICTURE C)},
journal = {Journal of Astronomical Telescopes, Instruments, and Systems},
volume = {1},
number = {4},
pages = {044001},
year = {2015},
isbn = {2329-4124}
}

@article{DaalInPrep,
title = "Properties of selected structural and flat flexible cabling materials for low temperature applications",
journal = "Cryogenics",
volume = "98",
pages = "47 - 59",
year = "2019",
issn = "0011-2275",
author = "M. Daal and N. Zobrist and N. Kellaris and B. Sadoulet and M. Robertson"
}

@phdthesis{MiguelThesis,
author = {Daal, Miguel D.},
title = {Kinetic Inductance Detectors for Dark Matter Searches},
school = {University of California, Berkeley},
year = {2015},
address = {},
month = {}
}

@article{Verma,
   author = "Verma, V. B. and Horansky, R. and Marsili, F. and Stern, J. A. and Shaw, M. D. and Lita, A. E. and Mirin, R. P. and Nam, S. W.",
   title = "A four-pixel single-photon pulse-position array fabricated from WSi superconducting nanowire single-photon detectors",
   journal = "Applied Physics Letters",
   year = "2014",
   volume = "104",
   number = "5", 
   eid = "051115",
   pages = ""
}

@article{Bellei, 
author = {Francesco Bellei and Alyssa P. Cartwright and Adam N. McCaughan and Andrew E. Dane and Faraz Najafi and Qingyuan Zhao and Karl K. Berggren}, 
journal = {Opt. Express}, 
keywords = {Infrared; Detection; Free-space optical communication},
number = {4}, 
pages = {3248--3257}, 
publisher = {OSA},
title = {Free-space-coupled superconducting nanowire single-photon detectors for infrared optical communications}, 
volume = {24}, 
month = {Feb},
year = {2016}
}

@book{Wadell,
author = {Wadell, Brian C},
title = {Transmission Line Design Handbook},
publisher = {Artech House Inc},
year = {1991},
volume = {},
series = {Artech House Microwave Library},
address = {685 Canton St, Norwood, MA 02062},
edition = {},
month = {May},
isbn = {0890064369}
}

@inbook{Pozar,
  author={Pozar, David M. },
  year= 2011, 
  chapter={Microwave Network Analysis}, 
  title= {Microwave Engineering}, 
  publisher= {Wiley},
  edition = {4},
  isbn = {0470631554}
}

@Article{Kellaris,
author="Kellaris, N. and Daal, M. and Epland, M. and Pepin, M. and Kamaev, O. and Cushman, P. and Kramer, E. and Sadoulet, B. and Mirabolfathi, N. and Golwala, S. and Runyan, M.",
title="Sub-Kelvin Thermal Conductivity and Radioactivity of Some Useful Materials in Low Background Cryogenic Experiments",
journal="Journal of Low Temperature Physics",
year="2014",
volume="176",
number="3",
pages="201-208",
issn="1573-7357"
}

@Article{Kushino,
author="Kushino, A. and Kasai, S. and Kohjiro, S. and Shiki, S. and Ohkubo, M.",
title="Development of Superconducting Coaxial Cables for Cryogenic Detectors",
journal="Journal of Low Temperature Physics",
year="2008",
volume="151",
number="3",
pages="650-654",
issn="1573-7357"
}

@inPROCEEDINGS{Kushino2016,
author = {Kushino, A. and Kasai, S.},
title = {Development of semi-rigid cables for low temperature superconducting detectors},
booktitle = {APS March Meeting Abstracts},
year = {2016}
}

@article{Olson1993,
title = "Thermal conductivity of some common cryostat materials between 0.05 and 2 K ",
journal = "Cryogenics ",
volume = "33",
number = "7",
pages = "729 - 731",
year = "1993",
note = "",
issn = "0011-2275",
author = "J.R. Olson"
}







@article{McHugh_2012,
author = {McHugh,Sean  and Mazin,Benjamin A.  and Serfass,Bruno  and Meeker,Seth  and O’Brien,Kieran  and Duan,Ran  and Raffanti,Rick  and Werthimer,Dan },
title = {A readout for large arrays of microwave kinetic inductance detectors},
journal = {Review of Scientific Instruments},
volume = {83},
number = {4},
pages = {044702},
year = {2012},
doi = {10.1063/1.3700812}
}

@phdthesis{Strader_2016,
  author       = {Matthew Strader}, 
  title        = {Digital Readout for Microwave Kinetic InductanceDetectors and Applications in High Time ResolutionAstronomy},
  school       = {University of California Santa Barbara},
  year         = 2016,
  month        = 9
}

@article{Dodkins_2018,
title = "MKID digital readout tuning with deep learning",
journal = "Astronomy and Computing",
volume = "23",
pages = "60 - 71",
year = "2018",
issn = "2213-1337",
author = "R. Dodkins and S. Mahashabde and K. O’Brien and N. Thatte and N. Fruitwala and A.B. Walter and S.R. Meeker and P. Szypryt and B.A. Mazin"
}

@proceeding{Bottom_2018,
author = { Michael Bottom,Leo S. Neat,Leon K. Harding,Patrick Morrissey,Seth R. Meeker,Richard T. Demers},
title = {Smartphone scene generator for efficient characterization of visible imaging detectors},
volume = {10709},
year = {2018},
booktitle = {Proc. SPIE}

}

@ARTICLE{Walter_flexcable,
author={A. B. {Walter} and C. {Bockstiegel} and B. A. {Mazin} and M. {Daal}},
journal={IEEE Transactions on Applied Superconductivity},
title={Laminated NbTi-on-Kapton Microstrip Cables for Flexible Sub-Kelvin RF Electronics},
year={2018},
volume={28},
number={1},
pages={1-5},
ISSN={1051-8223},
month={Jan},}

@ARTICLE{Walter_2019,
       author = {{Walter}, Alex B. and {Bockstiegel}, Clinton and {Brandt}, Timothy D. and {Mazin}, Benjamin A.},
        title = "{Stochastic Speckle Discrimination with Time-Tagged Photon Lists: Digging Below the Speckle Noise Floor}",
      journal = {PASP},
         year = "2019",
          eid = {arXiv:1906.03354},
archivePrefix = {arXiv},
       eprint = {1906.03354},
 primaryClass = {astro-ph.IM}
}
